@misc{Cimbala,
    author = {Cimbala, John M.},
    title = {Outliers},
    howpublished = {\url{http://www.mne.psu.edu/cimbala/me345/Lectures/Outliers.pdf}}
}
